@article{fan2004assembly,
  title={Assembly of colloidal particles by evaporation on surfaces with patterned hydrophobicity},
  author={Fan, Fengqiu and Stebe, Kathleen J},
  journal={Langmuir},
  volume={20},
  number={8},
  pages={3062--3067},
  year={2004},
  publisher={ACS Publications}
}

@article{peruzzo2013capillary,
  title={Capillary Interception of Floating Particles by Surface-Piercing Vegetation},
  author={Peruzzo, Paolo and Defina, Andrea and Nepf, Heidi M and Stocker, Roman},
  journal={Physical review letters},
  volume={111},
  number={16},
  pages={164501},
  year={2013},
  publisher={APS}
}

@article{velev1993direct,
  title={Direct measurement of lateral capillary forces},
  author={Velev, Orlin D and Denkov, Nikolai D and Paunov, Vesselin N and Kralchevsky, Peter A and Nagayama, Kuniaki},
  journal={Langmuir},
  volume={9},
  number={12},
  pages={3702--3709},
  year={1993},
  publisher={ACS Publications}
}